@article{joulin2016bag,
  title   = {Bag of Tricks for Efficient Text Classification},
  author  = {Joulin, Armand and Grave, Edouard and Bojanowski, Piotr and Mikolov, Tomas},
  journal = {arXiv preprint arXiv:1607.01759},
  year    = {2016}
}


@book{bird2009natural,
  title     = {Natural Language Processing with Python.},
  author    = {Bird, Steven and Edward, Loper and Ewan, Klein},
  year      = {2009},
  publisher = {"O'Reilly Media Inc."}
}

@article{rehurek2011gensim,
  title   = {Gensim--python framework for vector space modelling},
  author  = {Rehurek, Radim and Sojka, Petr},
  journal = {NLP Centre, Faculty of Informatics, Masaryk University, Brno, Czech Republic},
  volume  = {3},
  number  = {2},
  year    = {2011}
}

@article{scikit-learn,
  title   = {Scikit-learn: Machine Learning in {P}ython},
  author  = {Pedregosa, F. and Varoquaux, G. and Gramfort, A. and Michel, V.
             and Thirion, B. and Grisel, O. and Blondel, M. and Prettenhofer, P.
             and Weiss, R. and Dubourg, V. and Vanderplas, J. and Passos, A. and
             Cournapeau, D. and Brucher, M. and Perrot, M. and Duchesnay, E.},
  journal = {Journal of Machine Learning Research},
  volume  = {12},
  pages   = {2825--2830},
  year    = {2011}
}

@misc{guarino_2019,
  title     = {Study finds 89\% of US citizens turn to google before their doctor},
  url       = {
               https://www.wect.com/2019/06/24/study-finds-us-citizens-turn-google-before-their-doctor/
               },
  journal   = {https://www.wect.com},
  publisher = {Wect News 6},
  author    = {Guarino, Alex},
  year      = {2019},
  month     = {Jun}
}
